@article{sholl53,
	author = "D. A. Sholl",
	title = "Dendritic organization in the neurons of the visual and motor
		cortices of the cat",
	journal = "J Anat.",
	year = "1953",
	volume = "87",
	number = "4",
	pages = "387--406"
}
