@article{sholl53,
	author = "D. A. Sholl",
	title = "Dendritic organization in the neurons of the visual and motor
		cortices of the cat",
	journal = "J Anat.",
	year = "1953",
	volume = "87",
	number = "4",
	pages = "387--406"
}

@article{kerbel99,
	author = "Robert S. Kerbel",
	title = "Tumor angiogenesis: past, present and the near future",
	journal = "Carcinogenesis",
	year = "1999",
	volume = "21",
	number = "3",
	pages = "505--515"
}

@article{nakatsu03,
	author = "Martin N. Nakatsu and Richard C.A. Sainson and Jason N. Aoto and Kevin L. Taylor and Mark Aitkenhead and Sofía Pérez-del-Pulgar and Philip M. Carpenter and Christopher C.W. Hughes",
	title = "Angiogenic sprouting and capillary lumen formation modeled by human umbilical vein endothelial cells (HUVEC) in fibrin gels: the role of fibroblasts and Angiopoietin-1☆",
	journal = "Microvascular Research",
	volume = "66",
	number = "2",
	pages = "102 - 112",
	year = "2003",
	note = "",
	issn = "0026-2862",
	doi = "http://dx.doi.org/10.1016/S0026-2862(03)00045-1",
	url = "http://www.sciencedirect.com/science/article/pii/S0026286203000451",
	keywords = "Angiogenesis",
	keywords = "Endothelial",
	keywords = "Fibrin",
	keywords = "Fibroblasts",
	keywords = "Microcarriers",
	keywords = "\{VEGF\} "
}

@article{niemisto05,
	author = "Niemisto, A. and Dunmire, V. and Yli-Harja, O. and Wei Zhang and Shmulevich, I.",
	journal = "Medical Imaging, IEEE Transactions on",
	title = "Robust quantification of in vitro angiogenesis through image analysis",
	year = "2005",
	volume = "24",
	number = "4",
	pages = "549-553",
	keywords = "blood vessels;cellular biophysics;medical image processing;automated image analysis;endothelial cells;fibroblasts;in vitro angiogenesis;inhibitory effects;software package;stimulatory effects;suramin;vascular endothelial growth factor;Cancer;Fibroblasts;Image analysis;In vitro;In vivo;Length measurement;Pathology;Robustness;Signal processing;Testing;Angiogenesis;image analysis;quantification;segmentation;Algorithms;Animals;Artificial Intelligence;Cells, Cultured;Coculture Techniques;Endothelial Cells;Fibroblasts;Humans;Image Enhancement;Image Interpretation, Computer-Assisted;Neovascularization, Physiologic;Pattern Recognition, Automated;Reproducibility of Results;Sensitivity and Specificity;Signal Processing, Computer-Assisted;Subtraction Technique;Suramin;Tissue Engineering;Vascular Endothelial Growth Factor A",
	doi = "10.1109/TMI.2004.837339",
	ISSN = "0278-0062",
}

@article{bresenham77,
	author = "Bresenham, Jack",
	title = "A linear algorithm for incremental digital display of circular arcs",
	journal = "Commun. ACM",
	issue_date = "Feb. 1977",
	volume = "20",
	number = "2",
	month = feb,
	year = "1977",
	issn = "0001-0782",
	pages = "100--106",
	numpages = "7",
	url = "http://doi.acm.org/10.1145/359423.359432",
	doi = "10.1145/359423.359432",
	acmid = "359432",
	publisher = "ACM",
	address = "New York, NY, USA",
	keywords = "circle algorithm, circle drawing, dot generation, graphics, incremental digital plotting, integer arithmetic, raster display, step generation",
} 

